1850 3234
1006 259 1033 299 -2

370 400 483 437 tem.
537 392 705 453 Meque
749 406 848 437 non
891 390 1053 437 minus
1090 389 1364 437 alliciebant
1400 387 1666 452 plantulae,

367 474 603 537 elegantia
627 475 790 522 nescio
813 491 875 522 an
916 474 1185 522 formarum
1219 474 1494 522 diversitate
1528 472 1671 535 insig-

367 560 550 620 niores,
584 575 731 623 quam
765 560 948 608 incerta
982 570 1029 607 et
1053 560 1252 607 confusa
1293 559 1398 607 illas
1432 556 1672 608 tractandi

369 644 522 705 ratio,
560 660 682 708 quae
718 644 792 691 vel
845 645 894 691 in
929 644 1229 707 optimorum
1268 641 1675 706 Pteridographo-

369 745 478 776 rum
510 729 645 776 libris
680 728 1004 777 offendebant.
1044 728 1200 775 Patuit
1236 727 1368 776 enim
1405 727 1676 791 specierum

369 814 735 862 distinctionem
772 829 914 877 saepe
935 812 1184 861 fallacibus
1215 811 1579 861 characteribus
1604 811 1677 859 in-

368 900 477 958 niti,
520 899 824 947 characteres
854 907 1023 946 contra
1056 899 1266 963 optimos
1295 914 1437 962 saepe
1465 898 1675 962 negligi,

368 984 681 1048 studiumque
706 984 799 1033 hoc
823 984 1045 1032 universe
1076 983 1262 1032 institui
1284 982 1552 1032 secundum
1577 999 1678 1031 me-

368 1070 600 1132 thodum,
636 1069 984 1134 vegetabilibus
1021 1079 1122 1117 tam
1159 1069 1348 1133 exiguis
1389 1077 1587 1132 tamque
1615 1077 1679 1116 te-

368 1171 515 1202 nerae
555 1164 828 1203 structurae
860 1155 1060 1203 omnino
1090 1171 1189 1203 non
1217 1154 1553 1218 adaequatam.

436 1240 756 1304 Microscopio
779 1240 942 1305 itaque
966 1256 1106 1300 usus,
1143 1255 1315 1288 omnes
1341 1239 1542 1304 specieS,
1567 1255 1680 1303 qua-

371 1340 483 1373 rum
525 1325 790 1389 specimina
824 1324 1094 1387 habebam,
1131 1334 1358 1372 accurate
1390 1324 1680 1388 investigare

371 1410 515 1458 statui
570 1410 713 1474 idque
770 1410 997 1473 inprimis
1047 1410 1149 1473 egi,
1200 1419 1253 1457 ut
1298 1409 1572 1472 specierum
1619 1409 1680 1458 ab

371 1495 650 1543 auctoribus
671 1494 915 1543 veteribus
936 1495 1293 1558 descriptarum
1313 1493 1538 1543 notitiam
1558 1494 1680 1542 mihi

373 1595 728 1643 compararem.
767 1584 873 1628 Non
896 1580 1028 1627 enim
1057 1588 1278 1643 poteram
1302 1579 1420 1643 quin
1448 1578 1676 1640 mirarer,

372 1674 599 1713 auctores
630 1665 926 1713 recentiores
958 1664 1104 1713 hasce
1127 1663 1248 1713 adeo
1284 1664 1573 1728 neglexisse,
1604 1674 1678 1727 ut,

373 1751 542 1814 paucis
564 1751 795 1814 exceptis,
830 1750 926 1798 illis
949 1750 1046 1798 sint
1070 1748 1245 1798 dubiae
1269 1749 1343 1797 vel
1363 1749 1573 1813 ignotae.
1608 1754 1681 1797 In-

374 1844 447 1883 ter
481 1851 653 1884 omnes
691 1845 855 1884 autem
891 1843 1107 1897 constat,
1147 1843 1369 1883 veterum
1398 1834 1682 1883 testimonia

375 1920 425 1967 in
474 1920 564 1968 hac
595 1921 795 1970 scientia
822 1937 922 1969 non
965 1921 1165 1985 impune
1203 1919 1382 1985 negligi
1414 1935 1574 1984 neque
1600 1919 1683 1968 de-

375 2022 486 2053 cere
517 2006 843 2054 excusationis
869 2021 1014 2054 causa
1047 2006 1241 2068 afferre,
1266 2005 1463 2054 illorum
1486 2004 1683 2070 diagno-

376 2106 452 2138 ses
499 2091 650 2138 nimia
701 2091 931 2139 brevitate
984 2107 1183 2155 peccare
1229 2090 1684 2155 dignoscendaeque

376 2175 553 2239 speciei
593 2192 693 2223 non
728 2192 920 2241 semper
954 2177 1187 2225 sufficere.
1226 2181 1487 2240 Propterea
1526 2191 1683 2239 quan-

376 2271 481 2308 tum
509 2262 645 2324 potui
687 2277 860 2311 eorum
897 2262 1162 2326 specimina
1192 2277 1342 2326 aeque
1370 2261 1594 2325 religiose
1626 2276 1682 2309 ac

376 2347 708 2395 recentiorum
746 2347 1024 2411 investigavi
1068 2358 1115 2396 et
1143 2346 1529 2409 characteribus,
1561 2361 1684 2410 quos

375 2432 683 2495 microscopii
721 2448 838 2480 usus
875 2432 1219 2497 suppeditavit,
1259 2432 1397 2481 novis
1433 2431 1683 2494 magisque

376 2517 521 2565 certis
547 2517 707 2565 denuo
750 2517 800 2565 in
844 2517 1090 2566 schedulis
1126 2517 1359 2582 descripsi
1393 2526 1440 2564 et
1477 2515 1527 2563 in
1560 2531 1682 2580 pro-

376 2602 539 2665 prium
569 2618 713 2650 usum
744 2602 1000 2651 delineavi.

435 2687 783 2751 Monographia
807 2688 1393 2753 Hymenophyllacearum
1416 2685 1509 2733 hoc
1533 2685 1681 2733 modo

377 2781 487 2818 nata
530 2780 620 2832 est,
660 2789 806 2836 quam
843 2774 988 2823 velim
1029 2783 1082 2822 ut
1127 2772 1346 2820 iconibus
1387 2769 1679 2818 illustratam
