1850 3234
821 307 847 349 :3

175 437 369 501 publico
397 440 504 487 usui
543 439 803 504 aliquando
833 440 1022 488 tradere
1049 440 1242 503 possim,
1282 442 1478 490 Interim

174 534 227 571 ut
270 525 480 589 aliquem
523 525 795 574 studiorum
834 526 1047 573 fructum
1085 525 1376 590 percipiam,
1413 527 1481 574 in-

173 609 343 672 primis
389 626 504 659 vero
543 621 595 659 ut
630 611 799 659 amicis
823 620 870 659 et
904 611 1196 673 fautoribus,
1231 611 1312 676 qui
1349 613 1477 660 varia

171 695 349 742 auxilia
390 694 696 758 obtulerunt,
747 696 992 760 quomodo
1041 696 1171 744 hisce
1207 697 1299 745 sim
1337 713 1472 758 usus,

169 780 449 843 ostendam,
483 782 718 846 Synopsin
752 783 877 830 hanc
915 782 964 828 in
994 782 1153 829 lucem
1188 781 1330 829 edere
1367 797 1479 830 con-

169 865 318 925 stitui,
345 882 487 930 quae,
514 867 550 914 si
581 867 689 930 quis
710 868 1053 916 Botanicorum
1077 866 1235 915 eidem
1257 882 1373 930 agro
1405 883 1479 914 co-

168 952 311 1001 lendo
344 961 536 1016 praeter
578 967 656 999 me
701 968 900 1016 operam
943 952 1154 1013 dederit„
1206 951 1322 1015 quid
1370 967 1479 1016 egc-

169 1038 287 1094 rim,
327 1037 501 1102 quidve
535 1037 775 1101 agendum
822 1037 1131 1101 reliquerim,
1168 1037 1212 1085 ei
1241 1036 1470 1085 declaret.

234 1122 372 1179 Quod
410 1122 471 1170 ad
506 1126 772 1187 Synopseos
811 1123 1050 1171 rationem
1085 1122 1282 1183 attinet,
1323 1138 1476 1186 pauca

168 1208 411 1256 monenda
445 1207 616 1256 habeo.
670 1208 880 1271 Catalogi
915 1208 1037 1256 aridi
1073 1207 1230 1256 taedio
1271 1207 1475 1255 lectores

168 1303 222 1342 ut
253 1308 529 1358 parcerem,
552 1309 821 1358 synonyma
844 1309 997 1358 pauca
1014 1293 1380 1356 specierumque
1396 1308 1475 1357 pa-

168 1379 313 1426 triam
348 1378 524 1443 adjeci⁷
566 1395 776 1443 quorum
815 1379 998 1427 auxilio
1034 1378 1149 1443 quid
1196 1377 1474 1426 subintelle-

168 1464 324 1512 xerim
363 1465 432 1512 rei
454 1464 609 1528 perito
644 1464 829 1512 facilius
856 1472 1084 1528 patescat.
1124 1463 1343 1510 Plurium
1366 1477 1474 1526 spe-

167 1551 351 1598 cierum
376 1550 648 1613 autopsiam
673 1549 903 1613 consequi
928 1549 1086 1597 adhuc
1107 1548 1346 1596 desidero.
1388 1547 1471 1595 Ni-

166 1635 432 1684 hilominus
462 1636 511 1682 in
551 1635 832 1698 Catalogum
871 1649 951 1682 eas
992 1634 1208 1697 recipere
1245 1648 1344 1680 non
1376 1631 1472 1680 du-

165 1720 306 1769 bitavi
347 1720 746 1785 quotiescumque
784 1735 842 1767 ex
869 1718 1191 1783 descriptione
1226 1718 1298 1766 vel
1334 1718 1472 1765 icone

166 1807 227 1855 de
250 1805 425 1869 speciei
446 1805 732 1854 auctoritate
759 1804 980 1852 dubitare
1006 1820 1104 1852 non
1136 1802 1331 1856 licebat;
1361 1818 1473 1866 qua-

165 1907 277 1940 rum
309 1907 426 1941 vero
473 1891 572 1939 sive
610 1890 916 1939 characteres
948 1888 1045 1937 sive
1089 1888 1375 1936 affinitatem
1410 1904 1472 1934 cx

165 1977 337 2026 iisdem
382 1992 554 2025 eruere
590 1991 690 2024 non
718 1975 878 2040 potui,
922 1974 1010 2022 has
1052 1983 1303 2037 tamquam
1340 1972 1473 2036 igno-

166 2072 240 2112 tas
282 2078 371 2111 suo
408 2070 760 2127 quantumpote
793 2061 901 2109 loco
939 2059 1139 2108 inserui.

234 2152 525 2197 Contextum
568 2146 754 2195 frondis
809 2162 866 2194 eo
909 2144 1111 2209 majoris
1162 2142 1317 2191 habeo
1371 2159 1474 2191 mo-

168 2233 347 2295 menti,
410 2248 508 2298 quo
555 2232 699 2281 altius
756 2232 806 2278 in
849 2230 943 2279 hoc
986 2229 1146 2278 studio
1196 2227 1466 2293 penetravi,

168 2319 566 2382 characteresque
608 2325 863 2382 propterea
900 2332 928 2363 a
968 2315 1256 2363 cellularum
1291 2314 1466 2373 forma,

169 2403 526 2468 magnitudine,
564 2402 803 2451 contentis
831 2409 1076 2448 mutuatos
1110 2400 1160 2446 in
1192 2398 1472 2461 descriptio·

169 2488 314 2537 nibus
338 2503 529 2551 semper
554 2486 737 2534 inserui
755 2486 895 2549 juxta
918 2484 1047 2544 illos,
1080 2500 1201 2548 quos
1223 2482 1470 2531 frondium

170 2574 354 2635 forma,
397 2571 592 2633 divisio,
638 2585 865 2619 sororum
923 2568 1172 2633 dispositio
1224 2576 1271 2616 et
1314 2567 1471 2615 forma

172 2658 558 2723 suppeditarunt.
598 2655 807 2704 Cellulae
832 2664 1014 2710 autem,
1041 2664 1094 2702 ut
1113 2653 1268 2718 prius,
1306 2651 1472 2700 dicun-

173 2754 255 2792 tur
289 2747 521 2802 minimae,
562 2740 738 2805 quibus
771 2740 935 2787 lumen
969 2747 1042 2788 est
1074 2753 1229 2802 usque
1267 2741 1388 2799 07¹¹¹¹¹¹
1418 2739 1469 2797 li,

173 2828 291 2876 dum
327 2827 455 2876 idem
488 2829 649 2887 parvis
676 2833 747 2873 est
782 2828 902 2885 0,¹¹¹¹¹¹
943 2827 1146 2886 ul—Q'Y,
1169 2823 1470 2872 mediocribus
