1850 3234
989 247 1042 289 II)

546 385 574 399 ⁰
612 383 800 431 venulis
846 383 1252 432 transversalibus
1287 384 1452 433 nullis.

345 490 390 534 5.
432 492 487 537 N.
523 491 769 551 abruptum
806 493 899 537 Fen
950 488 1090 537 Me'm.
1121 493 1136 536 I
1183 506 1230 553 p.
1287 493 1345 536 14
1381 489 1478 538 tab.
1514 494 1531 537 Ι
1576 491 1654 554 fig.

609 579 636 622 5
675 578 873 633 (1842ss
922 580 981 623 Ν.
1024 579 1440 624 Hostmamzianum
1478 576 1553 623 KI.
1604 576 1654 623 in

606 660 818 708 Linnaea
859 664 1001 708 XVIII
1036 677 1085 724 p.
1134 663 1230 708 532
1270 661 1455 724 (1845).

676 745 790 793 Hab.
852 750 1049 810 Guyana
1097 745 1277 794 Gallica
1343 750 1408 794 Le
1450 747 1648 796 Pmetm!

602 831 876 896 (Surinam⁷
911 836 1111 886 Hosm1,;
1154 831 1381 880 Brasilia?
1417 831 1480 895 (t.
1512 834 1648 896 ΚΖΕ).

600 959 954 1018 Ceplealomanes
993 960 1074 1003 Pa.
1116 957 1152 1019 *)
1188 955 1381 1004 emend.

374 1090 388 1105 *
423 1089 656 1138 Rhizoma
691 1087 1060 1150 brevissimum,
1100 1087 1299 1136 frondes
1328 1088 1616 1138 fasciculati.

345 1217 384 1260 1.
428 1218 475 1261 C.
517 1213 855 1262 rlzomboi'deum
881 1217 938 1271 (J.
963 1213 1089 1276 Sm.)
1126 1215 1448 1262 Trielcomanes
1473 1218 1517 1262 J.
1552 1219 1647 1263 Sm.

606 1299 655 1346 in
695 1303 847 1346 Hooss.
877 1302 1052 1346 Journ.
1090 1302 1153 1345 III
1189 1315 1236 1362 p.
1276 1302 1399 1362 4173
1436 1304 1480 1347 C.
1525 1306 1651 1349 alro-

603 1387 752 1431 c'z'renws
777 1389 858 1430 PR.
900 1387 1107 1446 Hymen.
1147 1400 1194 1447 p.
1243 1387 1318 1431 18.
1358 1384 1455 1432 tab.
1484 1389 1537 1433 V.
1560 1387 1616 1449 ·1-)

671 1468 790 1517 Hab.
839 1474 933 1516 Ins.
983 1468 1301 1533 Philippinae.
1337 1472 1457 1517 Cum!
1513 1475 1646 1533 Javn,

601 1554 744 1603 ZOLL!

335 1647 381 1689 2.
427 1646 476 1690 C.
517 1644 787 1690 Javam'cum
835 1639 941 1702 (BI.)
996 1643 1314 1688 Trz‘chomanes
1357 1641 1426 1688 BI.
1474 1645 1648 1691 Enum.

601 1731 640 1774 11
662 1743 709 1790 p.
745 1730 866 1779 2223
907 1730 952 1774 C.
975 1727 1311 1786 oblonyz'folium
1334 1730 1416 1774 Pn.
1441 1727 1644 1791 Epimel.

601 1829 644 1876 p.
695 1815 752 1858 19
791 1810 888 1858 tab.
938 1814 1010 1859 10.

389 1989 426 2037 4)
461 1989 634 2033 „Nomen
664 1986 879 2036 genericum
909 1984 1065 2034 dignum
1096 1984 1183 2028 alio,
1208 1983 1294 2020 lieet
1325 1981 1479 2033 aptiore,
1498 1995 1646 2032 permu-

339 2062 443 2104 „tare
472 2071 549 2096 non
579 2055 698 2094 lieet.''
725 2056 835 2094 Linn.
870 2054 967 2093 Phil.
998 2055 1082 2092 Bot.
1127 2055 1219 2091 243.
1261 2053 1466 2102 Praecepto
1508 2051 1637 2089 huicce

331 2127 583 2178 persapienti,
617 2125 801 2164 servando
833 2128 869 2162 et
896 2125 967 2162 hoe
997 2136 1131 2172 genere
1163 2125 1198 2160 et
1226 2123 1474 2171 Leptocz'onz'o,
1503 2125 1646 2160 utrum-

332 2212 403 2251 que
431 2199 518 2236 lieet
547 2197 698 2235 minime
729 2200 857 2247 aptum
888 2195 947 2241 sit,
974 2195 1242 2244 obtemperare
1272 2192 1385 2231 (lecet.

387 2271 431 2323 ἦ)
461 2269 615 2306 Nomina
644 2267 785 2317 plantis
830 2267 1076 2304 collectionum
1106 2265 1283 2302 venalium
1313 2267 1423 2301 antea
1463 2275 1539 2301 non
1580 2262 1645 2300 de-

331 2340 478 2390 scriptis
500 2338 685 2389 imposita,
711 2337 858 2374 etiamsi
880 2336 983 2373 nulla
1007 2334 1137 2371 addita
1164 2334 1215 2371 sit
1242 2333 1455 2384 descriptio,
1476 2332 1522 2370 iis
1551 2345 1646 2383 quae

331 2410 426 2448 alius
457 2409 538 2461 quis
569 2408 702 2446 iisdem
742 2407 882 2459 plantis
912 2406 1026 2444 serius
1066 2405 1262 2456 imposuit,
1294 2403 1501 2454 prioritatis
1531 2415 1642 2455 quam

331 2481 460 2517 dicunt
487 2479 620 2529 gratia,
652 2477 833 2516 servanda
865 2489 941 2514 esse
971 2488 1189 2527 persuasum
1228 2473 1321 2511 mibi
1359 2472 1492 2510 habeo.
1524 2472 1641 2521 Prop-

330 2554 404 2587 tere
416 2548 610 2587 anominas
625 2547 834 2585 Smithiana
853 2545 1302 2596 Hymenophyllacearum
1316 2541 1645 2591 Cumingianarum

330 2632 429 2657 anno
463 2621 569 2657 1841
599 2618 699 2656 edita
715 2616 914 2654 Preslianis
937 2616 976 2653 in
998 2614 1272 2665 monographia
1295 2612 1410 2650 serius
1431 2610 1524 2659 (scil.
1544 2623 1644 2647 anno

333 2691 456 2738 1843)
485 2687 727 2740 praeferenda
768 2700 845 2725 esse
876 2699 1019 2724 censeo,
1060 2685 1153 2723 Rem
1184 2684 1288 2722 aliter
1319 2695 1396 2720 sese
1426 2681 1561 2718 habere
1600 2678 1645 2716 si-

331 2760 453 2799 mulac
484 2759 530 2795 de
560 2758 774 2796 nominibus
805 2756 1072 2807 manuscriptis
1109 2755 1372 2793 collectionum
1407 2752 1641 2803 privatarum

332 2829 612 2879 publicarumvo
644 2828 776 2877 agitur,
811 2840 886 2864 non
919 2831 972 2865 est
1003 2825 1103 2877 quod
1136 2836 1319 2862 moneam.
