1850 3234
725 257 784 299 ‹35›

439 387 561 435 Hah.
599 387 877 448 Columbia,
923 390 1071 433 [Imm.
1123 393 1169 431 ct
1215 388 1398 442 Boxum„

368 471 578 519 MomTzl
624 476 750 519 FUNK
784 480 831 519 et
869 475 1055 519 Senum!

437 557 550 605 Obs.
622 557 809 621 Species
871 557 961 605 hae
1024 566 1234 620 quatuor
1299 556 1407 602 licet

372 642 609 705 parvitate
641 658 741 689 non
770 651 995 705 peccent,
1023 642 1151 689 varie
1179 642 1406 690 confusae

371 736 499 775 sunt.
539 732 598 775 II.
628 729 887 790 pede'cellale'
922 743 1102 776 nomen
1138 743 1164 774 e
1198 725 1406 774 schedu-

370 811 429 859 lis
472 815 732 860 KUNZEANIS
756 812 932 873 edens,
978 811 1284 860 describendi
1329 828 1406 858 cu-

373 911 479 944 ram
524 911 622 943 non
650 897 808 959 prima
863 896 962 943 vice
999 897 1104 943 aliis
1148 895 1406 943 commode

368 981 668 1044 relinquens,
687 981 756 1028 Cl.
785 984 997 1029 KLoTscn
1012 979 1408 1044 distinguendum

373 1066 420 1113 id
451 1066 511 1114 ab
540 1070 600 1114 II.
627 1067 804 1127 ficco'e'de
835 1074 1021 1114 monet:
1047 1065 1223 1113 indusii
1249 1065 1409 1113 valvu-

370 1151 430 1199 lis
453 1151 922 1213 ovato-lanceolatis,
939 1150 1157 1214 margine
1179 1151 1410 1214 inaequa-

371 1236 483 1284 liter
536 1236 978 1290 serrato-dentati53
1035 1235 1171 1300 quasi
1230 1236 1323 1283 hoc
1379 1252 1407 1282 a

374 1321 534 1386 specie
571 1325 873 1370 SWARTZIANA
909 1320 1122 1369 alienum
1166 1330 1306 1369 esset.
1343 1326 1402 1368 ΙΙ.

374 1410 702 1467 strumonem,
728 1406 918 1454 etiamsi
956 1406 1213 1470 pinnatum
1270 1405 1398 1453 dicat

371 1492 442 1540 Cl.
488 1495 718 1551 Hooxmx,
756 1491 925 1538 rhachi
976 1491 1163 1539 inferne
1204 1499 1407 1554 anguste

372 1577 498 1624 alata
538 1575 749 1641 gaudere
772 1575 966 1623 videtur
1002 1575 1195 1640 situque
1215 1585 1262 1624 et
1286 1574 1407 1624 dire-

374 1661 533 1710 ctione
555 1677 783 1710 sororum
798 1660 999 1709 omnino
1015 1676 1128 1709 cum
1151 1665 1211 1708 H.
1229 1661 1406 1721 ficco'e‘de

370 1746 613 1802 convenit,
634 1746 774 1810 cujus
795 1746 973 1810 quippe
995 1745 1091 1794 sori
1128 1745 1302 1793 vetusti
1325 1745 1404 1794 de-

369 1847 508 1879 mum
530 1831 872 1879 reflectuntur.
916 1835 1131 1896 Utroque
1168 1830 1405 1894 insignius

370 1922 432 1965 H.
471 1918 772 1978 spinulosum.
805 1919 937 1972 Quae
978 1915 1069 1963 vidi
1106 1914 1262 1980 adque
1297 1931 1405 1964 auc-

373 2010 539 2049 torum
567 2000 857 2049 sententiam
902 2000 1221 2049 determinavi
1256 2000 1406 2064 speci-

367 2087 501 2134 mina
545 2094 776 2134 contextu
823 2085 1009 2133 frondis
1055 2085 1296 2149 duplicem
1335 2094 1408 2150 ty-

367 2187 486 2235 pum
560 2178 863 2235 monstrant5
939 2170 1143 2218 alteram
1223 2169 1408 2218 cellulis

366 2256 521 2305 firmis
605 2255 768 2320 opacis
862 2256 1051 2320 magnis
1144 2254 1408 2318 parietibus

369 2340 553 2404 rectis,
595 2340 775 2389 teneris
818 2339 1026 2404 hyalinis
1082 2340 1219 2388 facile
1305 2356 1409 2387 ma-

372 2425 518 2473 ximis
608 2424 873 2489 parietibus
957 2424 1222 2473 crenulatis
1283 2425 1407 2473 alte-

370 2524 493 2557 ram.

105 2599 187 2645 93.
227 2601 287 2645 H.
332 2596 629 2657 bleplcarodes
664 2598 744 2641 Pn.
784 2597 992 2659 Hymen.
1036 2610 1082 2659 p.
1116 2597 1178 2642 32
1217 2603 1265 2642 et
1302 2599 1383 2642 51.

436 2678 552 2727 Hab.
592 2677 910 2742 Martinique!
957 2678 1287 2741 Guadeloupe!

1247 2769 1264 2801 5
