1850 3234
861 248 880 260 r

858 263 884 289 ι)

276 382 460 427 Genera
495 395 521 426 a
556 380 625 427 cl.
667 384 811 427 Piussr
843 381 1112 444 proposita,
1156 382 1319 445 paucis
1348 397 1514 446 excep-

210 463 296 526 tis,
318 463 548 526 delenda,
577 464 675 513 imo
709 480 832 529 quae
853 475 1219 521 conserventur,
1256 467 1516 515 emendan-

207 548 268 597 da
291 565 419 611 esse⁷
450 566 738 614 persuasum
777 551 897 598 mihi
927 550 1098 599 habeo.
1153 555 1395 599 Venarum
1438 552 1518 600 de-

209 650 382 682 cursus
423 643 470 682 et
509 635 806 696 (hstributio,
858 636 906 683 in
950 636 1158 685 filicibus
1186 637 1391 685 caeteris
1426 638 1518 685 dis-

207 719 444 783 ponendis
480 721 679 785 egregii,
708 722 756 768 in
797 721 1282 786 Hymenophyllaceis
1316 722 1397 769 vix
1435 723 1518 770 ali-

208 806 348 869 cujus
386 815 458 854 est
501 822 634 855 usus,
694 805 897 854 Habitus
940 816 1112 855 contra
1159 817 1229 855 est
1273 807 1516 872 quaedam

205 890 472 939 similitudo
505 900 552 939 et
578 890 702 939 ratio
732 891 913 955 typica,
938 907 1062 955 quae
1096 892 1220 939 inira
1246 892 1516 939 constantia

206 976 256 1022 in
310 991 488 1040 magno
539 992 680 1040 saepe
723 977 994 1040 specierum
1034 992 1241 1024 numero
1288 976 1513 1039 rediens,

205 1075 384 1124 genera
427 1061 477 1108 in
523 1071 774 1125 posterum
818 1061 1071 1110 statuenda
1115 1061 1332 1110 divinare
1378 1062 1514 1125 quasi

205 1146 336 1195 sinit.
375 1149 435 1195 At
480 1162 595 1195 vero
634 1147 818 1211 species
861 1156 1002 1195 antea
1040 1147 1214 1195 melius
1264 1147 1360 1195 sint
1403 1163 1513 1210 cog-

203 1231 360 1294 nitae,
410 1248 585 1280 earum
641 1232 842 1281 historia
890 1233 1080 1296 plenius
1137 1233 1198 1280 sit
1244 1233 1508 1294 illustrata,

203 1318 329 1366 vitae
351 1317 474 1366 ratio
499 1327 546 1366 et
579 1318 856 1367 distributio
879 1318 1200 1382 geographica
1234 1317 1511 1382 diligentius

204 1402 300 1451 sint
323 1402 627 1456 observatae3
666 1419 801 1464 nam,
840 1411 892 1450 ut
929 1403 1019 1450 viri
1054 1403 1180 1451 inter
1217 1403 1370 1451 nostri
1405 1403 1507 1450 aevi

204 1488 459 1536 Botanicos
504 1487 906 1553 praestantissimi
960 1488 1030 1536 El.
1067 1492 1207 1536 Fines
1252 1488 1398 1536 verba
1437 1504 1509 1535 re-

204 1581 397 1638 petam:
459 1589 607 1621 »vana
663 1583 776 1621 sunt
821 1589 946 1621 nova
1001 1588 1203 1636 genera,
1254 1575 1358 1621 sine
1403 1574 1508 1620 uni-

202 1655 376 1704 versali
400 1654 673 1719 specierum
707 1655 983 1719 cognitione
1009 1664 1056 1704 et
1090 1656 1346 1720 praecipue
1374 1671 1508 1705 inor-

203 1740 411 1804 phoseos
457 1740 716 1789 histo1·ia.’⁷

269 1830 460 1888 Restat,
503 1836 557 1875 ut
593 1835 787 1890 gratum
824 1827 1045 1875 animum
1084 1826 1353 1891 significem
1393 1827 1509 1876 viris

201 1911 509 1975 clarissimis⁷
554 1912 635 1977 qui
680 1912 912 1977 augendis
950 1922 998 1961 et
1031 1912 1395 1976 suppeditandis
1432 1930 1511 1960 au-

201 1997 329 2046 xiliis
358 1997 516 2045 studia
554 2014 661 2046 mea
695 1998 983 2062 adjuvarunt
1007 2007 1155 2063 utque
1180 1999 1264 2061 iis,
1299 2014 1508 2062 quorum

201 2083 412 2145 auxiliis,
449 2091 502 2131 ut
532 2099 737 2146 pensum
763 2084 854 2131 hoc
882 2083 1127 2131 absolvere
1150 2083 1351 2147 possim,
1387 2099 1509 2148 opus

202 2168 320 2216 mihi
359 2178 449 2230 est,
490 2168 647 2218 studia
675 2184 783 2216 mea
814 2168 1171 2218 commendem.
